@inproceedings{pennington2017,
title = {Geometry of Neural Network Loss Surfaces via Random Matrix Theory},
author  = {Jeffrey Pennington and Yasaman Bahri},
year = 2017,
booktitle = {International Conference on Learning Representations (ICLR)},
}

@article{lecun2015,
	Author = {LeCun, Yann and Bengio, Yoshua and Hinton, Geoffrey},
	Date = {2015/05/27/online},
	Date-Added = {2019-01-01 09:30:09 +0000},
	Date-Modified = {2019-01-01 09:30:09 +0000},
	Day = {27},
	Journal = {Nature},
	L3 = {10.1038/nature14539; },
	Pages = {436 -- 444},
	Publisher = {Nature Publishing Group, a division of Macmillan Publishers Limited. All Rights Reserved. SN  -},
	Title = {Deep learning},
	Ty = {JOUR},
	Volume = {521},
	Year = {2015},
	Bdsk-Url-1 = {https://doi.org/10.1038/nature14539}}
